@online{ScrumGuide2020,
  author = {Schwaber, Ken and Sutherland, Jeff},
  title = {The Scrum Guide},
  year = {2020},
  url = {https://scrumguides.org/scrum-guide.html},
  urldate = {2024-10-14},
  organization = {Scrum.org},
  note = {The official Scrum Guide, November 2020 version}
}

@online{G2CompetitiveAnalysis2024,
  author = {Moser, Jeremy},
  title = {How to Conduct a Competitive Analysis of Software Solutions},
  year = {2024},
  month = {January},
  url = {https://learn.g2.com/software-competitive-analysis},
  urldate = {2024-10-14},
  organization = {G2 Learn}
}

@online{AsanaCompetitiveAnalysis2024,
  author = {{Team Asana}},
  title = {How to create a competitive analysis (with examples)},
  year = {2025},
  month = {February},
  url = {https://asana.com/resources/competitive-analysis-example},
  urldate = {2024-10-14},
  organization = {Asana}
}

@online{LyssnaUXAnalysis2024,
  author = {Tomboc, Kai},
  title = {UX competitive analysis},
  year = {2025},
  month = {April},
  url = {https://www.lyssna.com/blog/ux-competitive-analysis/},
  urldate = {2024-10-14},
  organization = {Lyssna Blog}
}

@online{StrategicManagementInsightCA2024,
  author = {Jurevicius, Ovidijus},
  title = {The Complete Guide to Competitive Analysis},
  year = {2025},
  month = {April},
  url = {https://strategicmanagementinsight.com/tools/competitive-analysis/},
  urldate = {2024-10-14},
  organization = {Strategic Management Insight}
}

@online{MobileRealityAIRealEstate2024,
  author = {{Mobile Reality Team}},
  title = {How AI in Real Estate is Transforming the Future of Property and Investment},
  year = {2025},
  month = {March},
  url = {https://themobilereality.com/blog/proptech/ai-in-real-estate},
  urldate = {2024-10-14},
  organization = {The Mobile Reality}
}

@online{HouseCanaryAIInvestors2024,
  author = {{HouseCanary Team}},
  title = {5 AI Tools for Real Estate Investors},
  year = {2024},
  month = {December},
  url = {https://www.housecanary.com/blog/5-ai-tools-for-real-estate-investors},
  urldate = {2024-10-14},
  organization = {HouseCanary Blog}
}

@online{LinkedInAIFinTech2024,
  author = {{RECAP}},
  title = {AI, fintech, and automation on the real estate industry},
  year = {2024},
  month = {February},
  url = {https://www.linkedin.com/pulse/ai-fintech-automation-real-estate-industry-recapeg-wup1f},
  urldate = {2024-10-14},
  organization = {LinkedIn}
}

@online{AtlassianScrumPillars,
  author = {{Atlassian Team}},
  title = {Three Pillars of Scrum: Understanding Scrum's Core Principles},
  year = {N.d.},
  url = {https://www.atlassian.com/agile/project-management/3-pillars-scrum},
  urldate = {2024-10-14},
  organization = {Atlassian Agile Coach}
} 